<record><leader>00000cas a22000007a 4500</leader><controlfield tag="001">16072272</controlfield><controlfield tag="008">870625d18801882pauwr ne      0    0eng d</controlfield><datafield ind1=" " ind2=" " tag="010"><subfield code="a">sn 87080389 </subfield></datafield><datafield ind1=" " ind2=" " tag="040"><subfield code="a">NPH</subfield><subfield code="b">eng</subfield><subfield code="c">NPH</subfield><subfield code="d">OCLCQ</subfield></datafield><datafield ind1=" " ind2=" " tag="042"><subfield code="a">msc</subfield></datafield><datafield ind1="0" ind2="0" tag="245"><subfield code="a">Hazleton weekly sentinel.</subfield></datafield><datafield ind1="3" ind2="0" tag="246"><subfield code="a">Weekly sentinel</subfield></datafield><datafield ind1=" " ind2=" " tag="260"><subfield code="a">Hazleton, Pa. :</subfield><subfield code="b">C.B. Sndyer</subfield></datafield><datafield ind1=" " ind2=" " tag="300"><subfield code="a">2 v. ;</subfield><subfield code="c">64 cm.</subfield></datafield><datafield ind1=" " ind2=" " tag="310"><subfield code="a">Weekly</subfield></datafield><datafield ind1="0" ind2=" " tag="362"><subfield code="a">New ser. no. 25 [i.e. 26] (Jan. 23, 1880)- ; -new ser. 4th yr., no. 20 (Dec. 8, 1882).</subfield></datafield><datafield ind1=" " ind2=" " tag="752"><subfield code="a">United States</subfield><subfield code="b">Pennsylvania</subfield><subfield code="c">Luzerne</subfield><subfield code="d">Hazleton.</subfield></datafield><datafield ind1="0" ind2=" " tag="775"><subfield code="t">Hazleton sentinel (Hazleton, Pa. : Daily)</subfield><subfield code="w">(OCoLC)15075102</subfield></datafield><datafield ind1="0" ind2="0" tag="780"><subfield code="t">Hazleton sentinel (Hazleton, Pa. : 1866 : Weekly)</subfield><subfield code="w">(DLC)sn8303032109</subfield></datafield><datafield ind1="0" ind2="0" tag="785"><subfield code="t">Weekly Hazleton sentinel</subfield><subfield code="w">(DLC)sn 87080390</subfield></datafield></record>